% Encoding: UTF-8
@article{BockMislevy1982,
author = {Bock, Darrell R. and Robert J. Mislevy},
title ={Adaptive EAP Estimation of Ability in a Microcomputer Environment},
journal = {Applied Psychological Measurement},
volume = {6},
number = {4},
pages = {431--444},
year = {1982},
}
@book{efron1993,
  Title= {An Introduction to the Bootstrap},
  Author= {Bradley Efron and Tibshirani, Robert J.},
  Publisher= {Chapman \& Hall/CRC},
  Year= {1993},
  Address= {Boca Raton, Florida, USA},
  Number= {57},
  Series= {Monographs on Statistics and Applied Probability}
}
@article{vehvi2003,
title = {Managing electricity market price risk},
author = {Vehviläinen, Iivo and Keppo, Jussi},
year = {2003},
journal = {European Journal of Operational Research},
volume = {145},
number = {1},
pages = {136-147},
url = {https://EconPapers.repec.org/RePEc:eee:ejores:v:145:y:2003:i:1:p:136-147}
}
@article{belisle1992,
title={Convergence theorems for a class of simulated annealing algorithms on $\mathbb{R}^d$},
volume={29}, 
DOI={10.2307/3214721}, 
number={4}, 
journal={Journal of Applied Probability}, 
publisher={Cambridge University Press}, 
author={Bélisle, Claude J. P.}
}

@article{Stocking1993,
author = {Martha L. Stocking and Len Swanson},
title ={A Method for Severely Constrained Item Selection in Adaptive Testing},
journal = {Applied Psychological Measurement},
volume = {17},
number = {3},
pages = {277-292},
year = {1993}
}
@book{mcneil2005,
  title={Quantitative risk management: Concepts, techniques and tools},
  author={McNeil, Alexander J and Frey, R{\"u}diger and Embrechts, Paul and others},
  volume={3},
  year={2005},
  publisher={Princeton university press Princeton}
}
@article{mislevy1984estimating,
  title={Estimating latent distributions},
  author={Mislevy, Robert J.},
  journal={Psychometrika},
  volume={49},
  number={3},
  pages={359--381},
  year={1984}
  }
@article{glas2005modeling,
  title={Modeling variability in item parameters in educational measurement},
  author={Glas, Cornelis A. W. and Van der Linden, Willem J.},
  journal={LSAC research report series},
  number={01--07},
  year={2005},
  publisher={Law School Admission Council}
}
@article{ramsay1975solving,
  title={Solving implicit equations in psychometric data analysis},
  author={Ramsay, James O.},
  journal={Psychometrika},
  volume={40},
  number={3},
  pages={337--360},
  year={1975}
  }
@Book{VDL2005,
  title     = {Linear models for optimal test design},
  publisher = {Springer},
  year      = {2005},
  author    = {{v}an {d}er Linden, Willem J.},
  series    = {Statistics for Social and Behavioral Sciences}
}
@article{ban2002data,
  title={Data Sparseness and On-Line Pretest Item Calibration-Scaling Methods in CAT},
  author={Ban, Jae-Chun and Hanson, Bradley A and Yi, Qing and Harris, Deborah J.},
  journal={Journal of Educational Measurement},
  volume={39},
  number={3},
  pages={207--218},
  year={2002},
  publisher={Wiley Online Library}
}
@article{glas2005testing,
  title={Testing linear models for ability parameters in item response models},
  author={Glas, Cees A. W. and Hendrawan, Irene},
  journal={Multivariate behavioral research},
  volume={40},
  number={1},
  pages={25--51},
  year={2005},
  publisher={Taylor \& Francis}
}
@article{JSSv017i05,
   author = {Dimitris Rizopoulos},
   title = {ltm: An R Package for Latent Variable Modeling and Item Response Analysis},
   journal = {Journal of Statistical Software, Articles},
   volume = {17},
   number = {5},
   year = {2006},
   pages = {1--25}
}
@article{desimone2015item,
  title={An item analysis of the Conditional Reasoning Test of Aggression},
  author={De Simone, Justin A. and James, Lawrence R.},
  journal={Journal of Applied Psychology},
  volume={100},
  number={6},
  pages={1872},
  year={2015},
  publisher={American Psychological Association}
}
@article{patz1999applications,
  title={Applications and extensions of MCMC in IRT: Multiple item types, missing data, and rated responses},
  author={Patz, Richard J and Junker, Brian W},
  journal={Journal of educational and behavioral statistics},
  volume={24},
  number={4},
  pages={342--366},
  year={1999},
  publisher={Sage Publications}
}
@article{fox2003stochastic,
  title={Stochastic EM for estimating the parameters of a multilevel IRT model},
  author={Fox, J-P},
  journal={British Journal of Mathematical and Statistical Psychology},
  volume={56},
  number={1},
  pages={65--81},
  year={2003},
  publisher={Wiley Online Library}
}
@article{neyman1948consistent,
  title={Consistent estimates based on partially consistent observations},
  author={Neyman, Jerzy and Scott, Elizabeth L and others},
  journal={Econometrica},
  volume={16},
  number={1},
  pages={1--32},
  year={1948}
}
@article{andersen1977sufficient,
  title={Sufficient statistics and latent trait models},
  author={Andersen, Erling B},
  journal={Psychometrika},
  volume={42},
  number={1},
  pages={69--81},
  year={1977},
  publisher={Springer}
}
@article{drasgow1989evaluation,
  title={An evaluation of marginal maximum likelihood estimation for the two-parameter logistic model},
  author={Drasgow, Fritz},
  journal={Applied Psychological Measurement},
  volume={13},
  number={1},
  pages={77--90},
  year={1989},
  publisher={Sage Publications Sage CA: Thousand Oaks, CA}
}
@article{von2010stochastic,
  title={Stochastic approximation methods for latent regression item response models},
  author={von Davier, Matthias and Sinharay, Sandip},
  journal={Journal of Educational and Behavioral Statistics},
  volume={35},
  number={2},
  pages={174--193},
  year={2010},
  publisher={SAGE Publications Sage CA: Los Angeles, CA}
}
@article{fox2006fixed,
  title={Fixed effects IRT model},
  author={Fox, Jean-Paul and Pimentel, Jonald and Glas, Cees},
  journal={Behaviormetrika},
  volume={33},
  number={1},
  pages={27--42},
  year={2006},
  publisher={The Behaviormetric Society}
}
@article{birnbaum1958,
	author={Allan Birnbaum},
	title={On the estimation of mental ability},
	journal={Series Report No. 58-16. Project No. 7755-23},
	publisher={USAF School of Aviation Medicine, Randolph Air Force Base, Texas},
	year={1958}
}
@article{JSSv076i01,
   author = {Bob Carpenter and Andrew Gelman and Matthew Hoffman and Daniel Lee and Ben Goodrich and Michael Betancourt and Marcus Brubaker and Jiqiang Guo and Peter Li and Allen Riddell},
   title = {Stan: A Probabilistic Programming Language},
   journal = {Journal of Statistical Software},
   volume = {76},
   number = {1},
   year = {2017}
   }
@article{JSSv048i06,
   author = {Chalmers, Philip R.},
   title = {mirt: A Multidimensional Item Response Theory Package for the R Environment},
   journal = {Journal of Statistical Software},
   volume = {48},
   number = {6},
   year = {2012},
   pages = {1--29}
}
@Manual{R,
    title = {R: A Language and Environment for Statistical Computing},
    author = {{R Core Team}},
    organization = {R Foundation for Statistical Computing},
    address = {Vienna, Austria},
    year = {2013},
    url = {http://www.R-project.org/},
}
@article{bock1981marginal,
  title={Marginal maximum likelihood estimation of item parameters: Application of an EM algorithm},
  author={Bock, Darrell R. and Aitkin, Murray},
  journal={Psychometrika},
  volume={46},
  number={4},
  pages={443--459},
  year={1981},
  publisher={Springer}
}
@article{charnes1958cost,
  title={Cost horizons and certainty equivalents: an approach to stochastic programming of heating oil},
  author={Charnes, Abraham and Cooper, William W. and Symonds, Gifford H.},
  journal={Management Science},
  volume={4},
  number={3},
  pages={235--263},
  year={1958},
  publisher={INFORMS}
}
@article{AERA2014,
  title={Standards for educational and psychological testing.},
  author={American Educational Research Association and American Psychological Association  \& National Council on Measurement Education },
Shortauthor = {AERA},
  journal={European Journal of Psychological Assessment},
  volume={17},
  number={3},
  pages={157},
  year={2014},
  publisher={American Educational Research Association}
}
@article{Rasch19601980,
  title={Studies in mathematical psychology: I. Probabilistic models for some intelligence and attainment tests.},
  author={Rasch, Georg},
  year={1960},
}

@book{VanDerLinden2005,
  title={Linear Models for Optimal Test Design},
  author={Van der Linden, Wim J.},
  year={2006},
  publisher={Springer Science \& Business Media}
}

@article{Traub97,
  title={Classical test theory in historical perspective},
  author={Traub, Ross E.},
  journal={Educational Measurement: Issues and Practice},
  volume={16},
  number={4},
  pages={8--14},
  year={1997}
}

@book{Hamb91,
  title={Fundamentals of item response theory},
  author={Hambleton, Ronald K. and Swaminathan, Hariharan and Rogers, Jane H.},
  volume={2},
  year={1991},
  publisher={Sage}
}
@book{shao2012,
  title={The jackknife and bootstrap},
  author={Shao, Jun and Tu, Dongsheng},
  year={2012},
  publisher={Springer Science \& Business Media}
}
@article{verschoor2007genetic,
  title={Genetic algorithms for automated test assembly},
  author={Verschoor, Angela J.},
  year={2007}
}
@article{same77,
  title={Weakly parallel tests in latent trait theory with some criticisms of classical test theory},
  author={Samejima, Fumiko},
  journal={Psychometrika},
  volume={42},
  number={2},
  pages={193--198},
  year={1977}
}
@article{cronbach1951coefficient,
  title={Coefficient alpha and the internal structure of tests},
  author={Cronbach, Lee J.},
  journal={Psychometrika},
  volume={16},
  number={3},
  pages={297--334},
  year={1951}
 }
@article{downing2006twelve,
  title={Twelve steps for effective test development},
  author={Downing, Steven M.},
  journal={Handbook of Test Development},
  volume={3},
  pages={25},
  year={2006}
}
@book{lord1968statistical,
  title={Statistical Theories of Mental Test Tcores},
  author={Lord, F. M. and Novick, Melvin R.},
  address={Reading},
  year={1968},
  publisher={Addison}
}
@article{novick1966axioms,
  title={The axioms and principal results of classical test theory},
  author={Novick, Melvin R.},
  journal={Journal of Mathematical Psychology},
  volume={3},
  number={1},
  pages={1--18},
  year={1966}
}
@book{Lord80,
author = { Lord, Frederic M.},
title = { Applications of Item Response Theory to Practical Testing Problems },
publisher = { L. Erlbaum Associates Hillsdale, N. J. },
year = { 1980 }
}

@article{woods2007,
  title={Empirical histograms in item response theory with ordinal data},
  author={Woods, Carol M.},
  journal={Educational and Psychological Measurement},
  volume={67},
  number={1},
  pages={73--87},
  year={2007}
}
@book{de1978practical,
  title={A Practical Guide to Splines},
  author={De Boor, Carl and De Boor, Carl and Math{\'e}maticien, Etats-Unis and De Boor, Carl and De Boor, Carl},
  volume={27},
  year={1978},
  publisher={Springer-Verlag},
  address={New York}
}
@article{meijering2002chronology,
  title={A chronology of interpolation: From ancient astronomy to modern signal and image processing},
  author={Meijering, Erik},
  journal={Proceedings of the IEEE},
  volume={90},
  number={3},
  pages={319--342},
  year={2002},
  publisher={IEEE}
}
@book{birkhoff1964piecewise,
  title={Piecewise polynomial interpolation and approximation},
  author={Birkhoff, Garrett},
  year={1964}
}
@article{veldkamp2013uncertainties,
  title={Uncertainties in the item parameter estimates and robust automated test assembly},
  author={Veldkamp, Bernard P. and Matteucci, Mariagiulia and de Jong, Martijn G.},
  journal={Applied Psychological Measurement},
  volume={37},
  number={2},
  pages={123--139},
  year={2013},
  publisher={Sage Publications Sage CA: Los Angeles, CA}
}

@article{veldkamp2013application,
  title={Application of robust optimization to automated test assembly},
  author={Veldkamp, Bernard P.},
  journal={Annals of Operations Research},
  volume={206},
  number={1},
  pages={595--610},
  year={2013},
  publisher={Springer}
}
@article{tsutakawa1990effect,
  title={The effect of uncertainty of item parameter estimation on ability estimates},
  author={Tsutakawa, Robert K. and Johnson, Jane C.},
  journal={Psychometrika},
  volume={55},
  number={2},
  pages={371--390},
  year={1990},
  publisher={Springer}
}
@article{matteucci2012prior,
  title={Prior distributions for item parameters in IRT models},
  author={Matteucci, Mariagiulia and Mignani, Stefania and Veldkamp, Bernard P.},
  journal={Communications in Statistics-Theory and Methods},
  volume={41},
  number={16-17},
  pages={2944--2958},
  year={2012},
  publisher={Taylor \& Francis}
}

@article{Charnes1959,
title = {Chance-Constrained Programming},
author = {Charnes, A. and Cooper, W. W.},
year = {1959},
journal = {Management Science},
volume = {6},
number = {1},
pages = {73-79}
}

@article{goffe1996simann,
  title={SIMANN: A global optimization algorithm using simulated annealing},
  author={Goffe, William L.},
  journal={Studies in Nonlinear Dynamics \& Econometrics},
  volume={1},
  number={3},
  year={1996},
  publisher={De Gruyter}
}
@article{bezanson2017julia,
  title={Julia: A fresh approach to numerical computing},
  author={Bezanson, Jeff and Edelman, Alan and Karpinski, Stefan and Shah, Viral B.},
  journal={SIAM Review},
  volume={59},
  number={1},
  pages={65--98},
  year={2017}
  }
@article{birkhoff1960smooth,
  title={Smooth surface interpolation},
  author={Birkhoff, Garrett and Garabedian, Henry L},
  journal={Journal of Mathematics and Physics},
  volume={39},
  number={1-4},
  pages={258--268},
  year={1960},
  publisher={Wiley Online Library}
}
@article{Yang2012,
author = {Ji Seung Yang and Mark Hansen and Li Cai},
title ={Characterizing Sources of Uncertainty in Item Response Theory Scale Scores},
journal = {Educational and Psychological Measurement},
volume = {72},
number = {2},
pages = {264-290},
year = {2012}
} 
@article{charnes1963deterministic,
  title={Deterministic equivalents for optimizing and satisficing under chance constraints},
  author={Charnes, Abraham and Cooper, William W},
  journal={Operations research},
  volume={11},
  number={1},
  pages={18--39},
  year={1963},
  publisher={INFORMS}
}
@article{krokhmal2002portfolio,
  title={Portfolio optimization with conditional value-at-risk objective and constraints},
  author={Krokhmal, Pavlo and Palmquist, Jonas and Uryasev, Stanislav},
  journal={Journal of risk},
  volume={4},
  pages={43--68},
  year={2002},
  publisher={Citeseer}
}
@article{rockafellar2000optimization,
  title={Optimization of conditional value-at-risk},
  author={Rockafellar, R. Tyrrell and Uryasev, Stanislav},
  journal={Journal of risk},
  volume={2},
  pages={21--42},
  year={2000}
}
@article{rockafellar2001uryasev,
  title={Conditional Value-at-Risk for General Loss Distributions, Research Report.},
  author={Rockafellar, R. Tyrrell and Uryasev, Stanislav},
  journal={Conditional Value-at-Risk for General Loss Distributions, Research Report. ISE Dept., University of Florida},
  year={2001}
}
@article{chen1973quadratic,
  title={Quadratic programming for least-cost feed formulations under probabilistic protein constraints},
  author={Chen, Joyce T},
  journal={American Journal of Agricultural Economics},
  volume={55},
  number={2},
  pages={175--183},
  year={1973},
  publisher={Oxford University Press}
}

@article{freund1956introduction,
  title={The introduction of risk into a programming model},
  author={Freund, Rudolf J},
  journal={Econometrica: Journal of the econometric society},
  pages={253--263},
  year={1956},
  publisher={JSTOR}
}

@article{scott1972practical,
  title={A practical way to select an optimum farm plan under risk},
  author={Scott Jr, John T and Baker, Chester B},
  journal={American Journal of Agricultural Economics},
  volume={54},
  number={4\_Part\_1},
  pages={657--660},
  year={1972},
  publisher={Oxford University Press}
}
@article{Nemirovski,
author = {Nemirovski, Arkadi and Shapiro, Alexander},
year = {2006},
month = {01},
pages = {969-996},
title = {Convex Approximations of Chance Constrained Programs},
volume = {17},
journal = {SIAM Journal on Optimization},
doi = {10.1137/050622328}
}
@article{Ahmed2008,
author = {Ahmed, Shabbir and Shapiro, Alexander and Milton Stewart, H},
year = {2008},
month = {01},
pages = {},
title = {Solving Chance-Constrained Stochastic Programs via Sampling and Integer Programming},
journal = {Tutorials in Operations Research}
}
@article{margellos2014road,
  title={On the road between robust optimization and the scenario approach for chance constrained optimization problems},
  author={Margellos, Kostas and Goulart, Paul and Lygeros, John},
  journal={IEEE Transactions on Automatic Control},
  volume={59},
  number={8},
  pages={2258--2263},
  year={2014},
  publisher={IEEE}
}
@article{wang2011chance,
  title={A chance-constrained two-stage stochastic program for unit commitment with uncertain wind power output},
  author={Wang, Qianfan and Guan, Yongpei and Wang, Jianhui},
  journal={IEEE Transactions on Power Systems},
  volume={27},
  number={1},
  pages={206--215},
  year={2011},
  publisher={IEEE}
}
@article{tarim2006,
author={Tarim, S. Armagan and Manandhar, Suresh and Walsh, Toby},
title={Stochastic Constraint Programming: A Scenario-Based Approach},
journal={Constraints},
year={2006},
month={Jan},
day={01},
volume={11},
number={1},
pages={53--80}
}
@article{Kataria,
author = {Kataria, Mitesh and Elofsson, Katarina and Hasler, Berit},
year = {2010},
month = {08},
pages = {},
title = {Distributional Assumptions in Chance-Constrained Programming Models of Stochastic Water Pollution},
volume = {15},
journal = {Environmental Modeling and Assessment, v.15, 273-281 (2010)},
doi = {10.1007/s10666-009-9205-7}
}
@article{fisher1981lagrangian,
  title={The Lagrangian relaxation method for solving integer programming problems},
  author={Fisher, Marshall L},
  journal={Management science},
  volume={27},
  number={1},
  pages={1--18},
  year={1981},
  publisher={INFORMS}
}
@article{Hamb85,
  title={A Look at Psychometrics in the Netherlands.},
  author={Hambleton, Ronald K and Swaminathan, H},
  year={1985},
  publisher={ERIC}
}
@article{lord1952theory,
  title={A theory of test scores.},
  author={Lord, Frederic},
  journal={Psychometric monographs},
  year={1952}
}
@article{bertsimas2003robust,
  title={Robust discrete optimization and network flows},
  author={Bertsimas, Dimitris and Sim, Melvyn},
  journal={Mathematical programming},
  volume={98},
  number={1-3},
  pages={49--71},
  year={2003},
  publisher={Springer}
}
@article{kim1990deterministic,
  title={The deterministic equivalents of chance-constrained programming},
  author={Kim, CS and Schaible, Glenn D and Segarra, Eduardo},
  journal={Journal of Agricultural Economics Research},
  volume={42},
  number={1491-2016-130270},
  year={1990}
}